<marc:record xmlns:marc="http://www.loc.gov/MARC21/slim"><marc:leader>00616nam a22001330a 45 0</marc:leader><marc:controlfield tag="001">307331</marc:controlfield><marc:controlfield tag="003">NL-AMISG</marc:controlfield><marc:controlfield tag="005">19950210234845.0</marc:controlfield><marc:controlfield tag="008">199502suuuuuuuu||||||||||||||||||||||| d</marc:controlfield><marc:datafield ind1=" " ind2=" " tag="035"><marc:subfield code="a">(IISG)IISGb10048308</marc:subfield></marc:datafield><marc:datafield ind1=" " ind2=" " tag="040"><marc:subfield code="a">NL-AmISG</marc:subfield></marc:datafield><marc:datafield ind1="1" ind2=" " tag="100"><marc:subfield code="a">Banse, Ewald.</marc:subfield></marc:datafield><marc:datafield ind1="1" ind2="0" tag="245"><marc:subfield code="a">Auf den Spuren der Bagdadbahn. Mit 42 Bildern auf Tafeln nach photogr. Aufnahmen, 40 Textbildern nach Handzeichn. des Verfassers und 3 Original- Krt.</marc:subfield></marc:datafield><marc:datafield ind1=" " ind2=" " tag="260"><marc:subfield code="a">Weimar#c1913.</marc:subfield></marc:datafield><marc:datafield ind1=" " ind2=" " tag="690"><marc:subfield code="a">D 81</marc:subfield><marc:subfield code="b">Germany; political history and theory; 19th, 20th century; 1871 - 1914; foreign relations</marc:subfield><marc:subfield code="c">Duitsland; politieke geschiedenis en theorie; 19e en 20e eeuw; van de Frans-Duitse oorlog tot de wereldoorlog; buitenlandse politiek.</marc:subfield></marc:datafield><marc:datafield ind1=" " ind2=" " tag="852"><marc:subfield code="a">IISG</marc:subfield><marc:subfield code="b">IISG</marc:subfield><marc:subfield code="c">IISG</marc:subfield><marc:subfield code="j">D 81/65</marc:subfield><marc:subfield code="p">N10047816</marc:subfield></marc:datafield><marc:datafield ind1=" " ind2=" " tag="901"><marc:subfield code="a">307331</marc:subfield><marc:subfield code="b">Unknown</marc:subfield><marc:subfield code="c">307331</marc:subfield><marc:subfield code="t">biblio</marc:subfield></marc:datafield><marc:datafield ind1=" " ind2=" " tag="902"><marc:subfield code="a">10622/8924F6BE-2536-4B7C-AE2A-0857E9EE103A</marc:subfield></marc:datafield></marc:record>